<?xml version="1.0" encoding="UTF-8"?><collection xmlns="http://www.loc.gov/MARC21/slim"><record><leader>00389nam--2200133-i-4500</leader><controlfield tag="001">000023881</controlfield><controlfield tag="002">20161230</controlfield><controlfield tag="005">20161230201035</controlfield><controlfield tag="008">060222s1000------------r-----000-0-eng-d</controlfield><datafield ind1=" " ind2=" " tag="080"><subfield code="a">550.34:550.3:550.4</subfield></datafield><datafield ind1=" " ind2=" " tag="245"><subfield code="a">High-pressure research. applications in geophysics</subfield></datafield><datafield ind1=" " ind2=" " tag="260"><subfield code="a">New York, Academic Press, Inc., 1977, Xv + 642 P</subfield></datafield><datafield ind1=" " ind2=" " tag="700"><subfield code="a">Manghnani, H.And Akimoto, Syun-iti</subfield></datafield><datafield ind1=" " ind2=" " tag="852"><subfield code="a">46273</subfield></datafield></record></collection>